@article{Robotweb,
  author    = {Riku Murai and
               Joseph Ortiz and
               Sajad Saeedi and
               Paul H. J. Kelly and
               Andrew J. Davison},
  title     = {A Robot Web for Distributed Many-Device Localisation},
  journal   = {CoRR},
  volume    = {abs/2202.03314},
  year      = {2022},
  url       = {https://arxiv.org/abs/2202.03314},
  eprinttype = {arXiv},
  eprint    = {2202.03314},
  timestamp = {Fri, 11 Nov 2022 20:45:07 +0100},
  biburl    = {https://dblp.org/rec/journals/corr/abs-2202-03314.bib},
  bibsource = {dblp computer science bibliography, https://dblp.org}
}
@article{FutureMapping,
  author    = {Andrew J. Davison and
               Joseph Ortiz},
  title     = {FutureMapping 2: Gaussian Belief Propagation for Spatial {AI}},
  journal   = {CoRR},
  volume    = {abs/1910.14139},
  year      = {2019},
  url       = {http://arxiv.org/abs/1910.14139},
  eprinttype = {arXiv},
  eprint    = {1910.14139},
  timestamp = {Mon, 04 Nov 2019 09:10:30 +0100},
  biburl    = {https://dblp.org/rec/journals/corr/abs-1910-14139.bib},
  bibsource = {dblp computer science bibliography, https://dblp.org}
}

@article{MicroLieTheory,
  author    = {Joan Sol{\`{a}} and
               J{\'{e}}r{\'{e}}mie Deray and
               Dinesh Atchuthan},
  title     = {A micro Lie theory for state estimation in robotics},
  journal   = {CoRR},
  volume    = {abs/1812.01537},
  year      = {2018},
  url       = {http://arxiv.org/abs/1812.01537},
  eprinttype = {arXiv},
  eprint    = {1812.01537},
  timestamp = {Wed, 23 Oct 2019 17:07:40 +0200},
  biburl    = {https://dblp.org/rec/journals/corr/abs-1812-01537.bib},
  bibsource = {dblp computer science bibliography, https://dblp.org}
}
@article{MultiRobotCoordinationSurvey,
author = {Yan, Zhi and Jouandeau, Nicolas and Ali, Arab},
year = {2013},
month = {12},
pages = {1},
title = {A Survey and Analysis of Multi-Robot Coordination},
volume = {10},
journal = {International Journal of Advanced Robotic Systems},
doi = {10.5772/57313}
}

@Article{MultiVsSingleRobotSystems,
AUTHOR = {Roldán-Gómez, Juan Jesús and Barrientos, Antonio},
TITLE = {Special Issue on Multi-Robot Systems: Challenges, Trends, and Applications},
JOURNAL = {Applied Sciences},
VOLUME = {11},
YEAR = {2021},
NUMBER = {24},
ARTICLE-NUMBER = {11861},
URL = {https://www.mdpi.com/2076-3417/11/24/11861},
ISSN = {2076-3417},
ABSTRACT = {Multi-Robot Systems (MRSs) have emerged as a suitable alternative to single robots to improve current and enable new missions [...]},
DOI = {10.3390/app112411861}
}

@INPROCEEDINGS{LunarHabitatConstruction,
  author={Stroupe, A. and Huntsberger, T. and Okon, A. and Aghazarian, H. and Robinson, M.},
  booktitle={2005 IEEE/RSJ International Conference on Intelligent Robots and Systems}, 
  title={Behavior-based multi-robot collaboration for autonomous construction tasks}, 
  year={2005},
  volume={},
  number={},
  pages={1495-1500},
  doi={10.1109/IROS.2005.1545269}}
